%%%%%%%%%%%%%%%%%%%%%%%%% Section: Introduction %%%%%%%%%%%%%%%%%%%%%%%%%%%

@article{Suzuki2015,
author = {Suzuki, Katsuhiko and Ishibashi, Jun-ichiro and Kato, Yasuhiro and Nozaki, Tatsuo},
doi = {10.2343/geochemj.2.0399},
issn = {0016-7002},
journal = {Geochemical Journal},
number = {6},
pages = {575--577},
title = {{Preface: Front edge of submarine mineral resources research in Japan}},
	volume = {49},
year = {2015}
}

@article{Usui2016,
author = {Usui, Akira and Nishi, Keisuke and Sato, Hisaaki and Nakasato, Yoshio and Thornton, Blair and Kashiwabara, Teruhiko and Tokumaru, Ayaka and Sakaguchi, Aya and Yamaoka, Kyoko and Kato, Shingo and Nitahara, Shota and Suzuki, Katsuhiko and Iijima, Koichi and Urabe, Tetsuro},
journal = {Ore Geology Reviews},
month = {jul},
pages = {71--87},
title = {{Continuous growth of hydrogenetic ferromanganese crusts since 17 Myr ago on Takuyo-Daigo Seamount, NW Pacific, at water depths of 800 to 5500 m}},
volume = {87},
year = {2017}
}

@article{Schoening2016,
  title={Fully automated image segmentation for benthic resource assessment of poly-metallic nodules},
  author={Schoening, Timm and Kuhn, Thomas and Jones, Daniel OB and Simon-Lledo, Erik and Nattkemper, Tim W},
  journal={Methods in Oceanography},
  volume={15},
  pages={78--89},
  year={2016},
  publisher={Elsevier}
}

@article{Thornton2016,
journal = {Deep-Sea Research Part I: Oceanographic Research Papers},
keywords = {3D reconstruction,Ecological mapping,Underwater vehicle,Vent-ecology,Visual survey},
pages = {200--219},
title = {{Biometric assessment of deep-sea vent megabenthic communities using multi-resolution 3D image reconstructions}},
volume = {116},
author = {Thornton, Blair and Bodenmann, Adrian and Pizarro, Oscar and Williams, Stefan B. and Friedman, Ariell and Nakajima, Ryota and Takai, Ken and Motoki, Kaori and Watsuji, Tomo o. and Hirayama, Hisako and Matsui, Yohei and Watanabe, Hiromi and Ura, Tamaki},
year = {2016}
}
@article{Thornton2019,
journal = {Journal of Oceanic Engineering},
keywords = {},
pages = {},
title = {{Sizing drop weights for deep diving submersibles taking into account non-uniform seawater density profiles}},
volume = {accepted},
author = {Thornton, Blair},
year = {2019}
}
@article{Moustier1993,
author= {De Moustier, Christian and Matsumoto, Haruyoshi},
title={Seafloor acoustic remote sensing with multibeam echo-sounders and bathymetric sidescan sonar systems},
journal={Marine Geophysical Researches},
year={1993},
volume={15},
number={1},
pages={27--42}
}

@inproceedings{Roman2010,
author = {Roman, C and Inglis, G and Rutter, J},
booktitle = {OCEANS 2010 IEEE - Sydney},
doi = {10.1109/OCEANSSYD.2010.5603672},
keywords = {bathymetry;cameras;image resolution;image sensors;},
pages = {1--9},
title = {{Application of structured light imaging for high resolution mapping of underwater archaeological sites}},
year = {2010}
}

@inproceedings{Pizarro2009,
author = {Pizarro, Oscar and Williams, Stefan B. and Colquhoun, Jamie},
booktitle = {OCEANS 2009-EUROPE},
month = may,
pages = {1--8},
publisher = {IEEE},
shorttitle = {OCEANS 2009 - EUROPE},
title = {{Topic-based habitat classification using visual data}},
year = {2009}
}

@inproceedings{Maki2010,
author = {Maki, Toshihiro and Kume, Ayaka and Ura, Tamaki and Sakamaki, Takashi and Suzuki, Hideyuki},
booktitle = {OCEANS 2010 IEEE - Sydney},
month = may,
pages = {1--8},
publisher = {Ieee},
title = {{Autonomous detection and volume determination of tubeworm colonies from underwater robotic surveys}},
volume = {d},
year = {2010}
}

@article{Takahashi2015,
author = {Takahashi, Tomoko and Thornton, Blair and Ohki, Koichi and Sakka, Tetsuo},
journal = {Spectrochimica Acta Part B: Atomic Spectroscopy},
month = {sep},
pages = {8--14},
publisher = {The Authors},
title = {{Calibration-free analysis of immersed brass alloys using long-ns-duration pulse laser-induced breakdown spectroscopy with and without correction for nonstoichiometric ablation}},
volume = {111},
year = {2015}
}


@article{White2011,
author = {White, D.J. and Dingle, H.R.C.},
journal = {G{\'{e}}otechnique},
keywords = {centrifuge modelling,clays,engineering,failure,offshore,pipelines,theoretical analysis},
number = {12},
pages = {1035--1041},
title = {{The mechanism of steady friction between seabed pipelines and clay soils}},
volume = {61},
year = {2011}
}

@article{Rubin2007,
author = {Rubin, David M and Chezar, Henry and Harney, Jodi N and Topping, David J and Melis, Theodore S and Sherwood, Christopher R},
doi = {10.1016/j.sedgeo.2007.03.020},
issn = {0037-0738},
journal = {Sedimentary Geology},
number = {3},
pages = {402--408},
title = {{Underwater microscope for measuring spatial and temporal changes in bed-sediment grain size}},
volume = {202},
year = {2007}
}


@article{Thornton2013a,
author = {Thornton, Blair and Ohnishi, Seiki and Ura, Tamaki and Odano, Naoteru and Sasaki, Shun and Fujita, Tsuneo and Watanabe, Tomowo and Nakata, Kaoru and Ono, Tsuneo and Ambe, Daisuke},
journal = {Marine Pollution Bulletin},
keywords = {Fukushima Dai-ichi Nuclear Power Plant,Marine sediment,Radioactive cesium,Terrain features,Towed gamma ray spectrometer},
number = {1},
pages = {344--350},
title = {{Distribution of local 137Cs anomalies on the seafloor near the Fukushima Dai-ichi Nuclear Power Plant}},
volume = {74},
year = {2013}
}

@article{DNV2017
author = {DNV-RP-F109}, 
title =  {On-bottom stability design
of submarine pipelines.}.
year = {2017}
}

@article{Hollister1972
author = {Hollister, C. D., and Heezen, B. C.}, 
title =  {Geologic effects of
ocean bottom currents-We:s.tern North Atlantic. In Gordon, A. L., ed., Studies in physical oceanography, vol. 2:
New York, Gordon & Breach}.
pages = {37--66}
year = {1972}
}

@article{Thornton2013,
author = {Thornton, Blair and Ohnishi, Seiki and Ura, Tamaki and Odano, Naoteru and Fujita, Tsuneo},
journal = {Deep Sea Research Part I: Oceanographic Research Papers},
pages = {10--19},
title = {{Continuous measurement of radionuclide distribution off Fukushima using a towed sea-bed gamma ray spectrometer}},
volume = {79},
year = {2013}
}

@article{Thornton2015,
title = {Development of a deep-sea laser-induced breakdown spectrometer for in situ multi-element chemical analysis},
journal = {Deep Sea Research Part I: Oceanographic Research Papers},
volume = {95},
pages = {20 - 36},
year = {2015},
author = {Blair Thornton and Tomoko Takahashi and Takumi Sato and Tetsuo Sakka and Ayaka Tamura and Ayumu Matsumoto and Tatsuo Nozaki and Toshihiko Ohki and Koichi Ohki}
}

@article{Saeki2014,
author = {Saeki, M.a and Iwanade, A.a and Ito, C.b and Wakaida, I.c and Thornton, B.d and Sakka, T.e and Ohba, H.a},
doi = {10.1080/00223131.2014.917996},
issn = {00223131},
journal = {Journal of Nuclear Science and Technology},
keywords = {Atomic emission spectroscopy; Debris; Electric bre,Calibration curves; Component elements; Double pu,Fibers},
number = {7-8},
pages = {930--938},
publisher = {Taylor {\&} Francis},
title = {{Development of a fiber-coupled laser-induced breakdown spectroscopy instrument for analysis of underwater debris in a nuclear reactor core}},
volume = {51},
year = {2014}
}


@article{Brewer2004,
title = {Development of a laser Raman spectrometer for deep-ocean science},
journal = {Deep Sea Research Part I: Oceanographic Research Papers},
volume = {51},
number = {5},
pages = {739 - 753},
year = {2004},
author = {Peter G Brewer and George Malby and Jill D Pasteris and Sheri N White and Edward T Peltzer and B Wopenka and J Freeman and Mark O Brown}
}


@article{Pasteris2004,
author = {Pasteris, Jill and Wopenka, Brigitte and Freeman, J John and Brewer, G Peter and White, N Sheri and Peltzer, T Edward and Malby, E George},
journal = {Appl. Spectrosc.},
pages = {195A--208A},
title = {{Raman Spectroscopy in the Deep Ocean: Successes and Challenges}},
volume = {58},
year = {2004}
}

@article{Stanier2015,
author = {Stanier, S A and White, D J and Chatterjee, S and Brunning, P and Randolph, M F},
doi = {10.1016/j.apor.2015.01.016},
issn = {0141-1187},
journal = {Physics Procedia},
pages = {155--162},
publisher = {Elsevier B.V.},
title = {{A tool for ROV-based seabed friction measurement}},
volume = {50},
year = {2015}
}


%%%%%%%%%%%%%%%%%%%%%%%%% Problem formulation %%%%%%%%%%%%%%%%%%%%%%%%%%%


@article{Thornton2013l,
author = {Thornton, Blair and Asada, Akira and Bodenmann, Adrian and Sangekar, Mehul and Ura, Tamaki},
issn = {0364-9059},
journal = {IEEE Journal of Oceanic Engineering},
month = {jan},
number = {1},
pages = {186--203},
title = {{Instruments and Methods for Acoustic and Visual Survey of Manganese Crusts}},
volume = {38},
year = {2013}
}

@article{Masmitja2016,
author = {Masmitja, I. and Pallares, O. and Gomariz, S. and {Del Rio}, J. and O'Reilly, T. and Kieft, B.},
doi = {10.1109/OCEANS.2016.7761246},
isbn = {978-1-5090-1537-5},
journal = {21st IMEKO TC-4 International Symposium on Understanding the World through Electrical and Electronic Measurement, and 19th International Workshop on ADC Modelling and Testing},
keywords = {[Beacon localization, Error characterization, Rang},
pages = {267--271},
title = {{Range-only underwater target localization: Error characterization}},
year = {2016}
}


@inproceedings{Inglis2012,
author = {Inglis, Gabrielle and Smart, Clara and Vaughn, Ian and Roman, Chris},
booktitle = {2012 IEEE/RSJ International Conference on Intelligent Robots and Systems},
pages = {4425--4432},
publisher = {IEEE},
title = {{A pipeline for structured light bathymetric mapping}},
year = {2012}
}

@article{Nishida2016,
  title={Autonomous underwater vehicle “BOSS-A” for acoustic and visual survey of manganese crusts},
  author={Nishida, Yuya and Nagahashi, Kenji and Sato, Takumi and Bodenmann, Adrian and Thornton, Blair and Asada, Akira and Ura, Tamaki},
  journal={Journal of Robotics and Mechatronics},
  volume={28},
  number={1},
  pages={91--94},
  year={2016}
}


@article{Desaraju2014,
author = {Desaraju, Vishnu and Michael, Nathan},
doi = {10.15607/rss.2014.x.044},
journal = {Rss},
title = {{Vision-based Landing Site Evaluation and Trajectory Generation Toward Rooftop Landing}},
year = {2014}
}


@inproceedings{Sharp2001,
author = {Sharp, C S and Shakernia, O and Sastry, S S},
booktitle = {Proceedings 2001 ICRA. IEEE International Conference on Robotics and Automation (Cat. No.01CH37164)},
doi = {10.1109/ROBOT.2001.932859},
issn = {1050-4729},
pages = {1720--1727 vol.2},
title = {{A vision system for landing an unmanned aerial vehicle}},
volume = {2},
year = {2001}
}

@article{Wang2007,
author = {Wang, S and Zhang, H and Hou, W and Liang, J and Taylor, Publisher and Zhangy, H and Houy, W and Liangz, J},
doi = {10.1080/00207170701222921},
journal = {International Journal of Control},
number = {7},
pages = {1018--1026},
title = {{Control and navigation of the variable buoyancy AUV for underwater landing and takeoff}},
volume = {80},
year = {2007}
}

@article{Du2012,
author = {Du, Bing and Jiang, Yongxiang and Zhang, Hongwei},
doi = {10.1007/s12209-012-1808-4},
issn = {1006-4982},
journal = {Transactions of Tianjin University},
month = aug,
number = {4},
pages = {298--304},
title = {{Dynamic analysis of landing autonomous underwater vehicle}},
volume = {18},
year = {2012}
}

@inproceedings{Douillard2012,
address = {Sydney, Australia},
author = {Douillard, Bertrand and Nourani-Vatani, Navid and Johnson-Roberson, Matthew and Williams, Stefan and Roman, Chris and Pizarro, Oscar and Vaughn, Ian and Inglis, Gabrielle},
booktitle = {Proceedings of Robotics: Science and Systems},
title = {{FFT-based Terrain Segmentation for Underwater Mapping}},
year = {2012}
}

@article{Douillard2013,
author = {Douillard, B. and Nourani-Vatani, N. and Johnson-Roberson, M. and Pizarro, O. and Williams, S. and Roman, C. and Vaughn, I.},
journal = {Autonomous Robots},
month = jul,
number = {4},
pages = {255--269},
title = {{Frequency-based underwater terrain segmentation}},
volume = {35},
year = {2013}
}

@article{Bhandari2007,
author = {Bhandari, Smriti H and Deshpande, S M},
journal = {International Journal of Computer and Information Science and Engine},
number = {4},
pages = {322--326},
title = {{Feature Extraction for Surface Classification - An approach with Wavelets}},
volume = {1},
year = {2007}
}

@inproceedings{Sangekar2010c,
address = {Sydney, Australia},
author = {Sangekar, Mehul Naresh and Thornton, Blair and Nakatani, Takeshi and Ura, Tamaki},
booktitle = {OCEANS'10 IEEE SYDNEY},
doi = {10.1109/OCEANSSYD.2010.5603850},
isbn = {978-1-4244-5221-7},
month = {may},
pages = {1--7},
publisher = {IEEE},
title = {{Development of a landing algorithm for autonomous underwater vehicles using laser profiling}},
year = {2010}
}

%%%%%%%%%%%%%%%%%%%%%%%%% Landing hardware %%%%%%%%%%%%%%%%%%%%%%%%%%%

@article{Zhao2008,
doi = {10.2514/1.J054416},
isbn = {9789881563835},
issn = {0001-1452},
journal = {2006 IEEE International Conference on Control Applications},
number = {3},
pages = {1072--1082},
title = {{Design and Development of Low Cost Variable Buoyancy System for the Soft Grounding of Autonomous Underwater Vehicles}},
volume = {3},
year = {2008}
}



@article{Bodenmann2016,
author = {Bodenmann, Adrian and Thornton, Blair and Ura, Tamaki},
journal = {Journal of Field Robotics},
number = {00},
pages = {1--19},
title = {{Generation of High-resolution Three-dimensional Reconstructions of the Seafloor in Color using a Single Camera and Structured Light}},
volume = {00},
year = {2016}
}

%%%%%%%%%%%%%%%%%%%%%%%%% Landing algorithm %%%%%%%%%%%%%%%%%%%%%%%%%%%


@article{Lambrakos1985,
author = {Lambrakos, K F},
doi = {http://dx.doi.org/10.1016/0029-8018(85)90077-0},
issn = {0029-8018},
journal = {Ocean Engineering},
number = {2},
pages = {131--150},
title = {{Marine pipeline soil friction coefficients from in-situ testing}},
volume = {12},
year = {1985}
}

@book{Lyons1997,
author = {{Lyons Richard G.}},
isbn = {0201634678},
pages = {xvii, 517 p. :},
publisher = {Addison Wesley Pub. Co Reading, Mass},
title = {{Understanding digital signal processing}},
type = {Book},
year = {1997}
}


@article{Kalogerakis2010,
author = {Kalogerakis, Evangelos and Hertzmann, Aaron and Singh, Karan},
doi = {10.1145/1833351.1778839},
isbn = {978-1-4503-0210-4},
issn = {07300301},
journal = {ACM Transactions on Graphics},
number = {4},
pages = {1},
title = {{Learning 3D mesh segmentation and labeling}},
volume = {29},
year = {2010}
}


@article{Hennig2007,
author = {Hennig, Christian and Kutlukaya, Mahmut},
isbn = {1645-6726},
journal = {Revstat-Statistical Journal},
number = {1},
pages = {19--39},
title = {{Some Thoughts About the Design of Loss Functions}},
volume = {5},
year = {2007}
}

*************************









